%%%%%%%%%%%%%%%%%%%%%%%%%%%%%%%%%%%%%%%%%%%%%%%%%%%%%%%%%%%%%%%%%%%%%%%%%%%%%%%
%% Descr:       Vorlage für Berichte der DHBW-Karlsruhe, BibTeX
%% Author:      Prof. Dr. Jürgen Vollmer, vollmer AT dhbw-karlsruhe.de
%% $Id: bericht.bib,v 1.10 2016/03/16 12:27:42 vollmer draft $
%% -*- coding: utf-8 -*-
%%%%%%%%%%%%%%%%%%%%%%%%%%%%%%%%%%%%%%%%%%%%%%%%%%%%%%%%%%%%%%%%%%%%%%%%%%%%%%%

%%%%
%%  declararion of abbreviations
%%%%
@STRING{addison		= "Addison-Wesley"}

%%%%%%%%%%%%%%%%%%%%%%%%%%%%%%%%%%%%%%%%%%%%%%%%%%%%%%%%%%%%%%%%%%%%%%%%%%%%%%%
%%%%%%%%%%%%%%%%%%%%%%%%%%%%%%%%%%%%%%%%%%%%%%%%%%%%%%%%%%%%%%%%%%%%%%%%%%%%%%%

% Referenzieren von URL's


@online{unternehmensberichtBI.2020, 
    author = "{C.H. Boehringer Sohn AG \& Co. KG}",
    title = "{Boehringer Ingelheim Unternehmensbericht 2020}",
    year = 2021,
    url = {https://www.boehringer-ingelheim.de/sites/de/files/arpc/ar_2020/boehringer-ingelheim_unternehmensbericht_2020.pdf},
    urldate = {2021-07-01}
}

@online{fraunhoferPräsentation.kevin, 
    author = "{Brode, Tobias; Traube, Andreas}",
    title = "{MOBILE LAB ROBOT (KEVIN)}",
    year = "{o.J.}",
    url = {https://www.messe.de/apollo/labvolution_2019/obs/Binary/A921771/21539_38579_155489679430865800_aeid_205__265_atomfeld_205_265-1314901554897996.pdf_org},
    urldate = {2021-07-01}
}

@online{medica.kevin.brode, 
    author = "{Brode, Tobias; Blume, Elena}",
    title = "{Kevin allein im Labor – Roboter entlastet Mitarbeiter}",
    year = 2019,
    url = {https://www.medica.de/de/News/Interviews/\%C3\%84ltere_Interviews/Interviews_2020/Kevin_allein_im_Labor_\%E2\%80\%93_Roboter_entlastet_Mitarbeiter},
    urldate = {2021-07-01}
}

@online{labvolution.kevin, 
    author = "{o.V.}",
    title = "{Mobile Lab-Robot Kevin. Lab automation thought differently}",
    year = 2019,
    url = {https://www.labvolution.de/product/mobile-lab-robot-kevin/176612/X256500},
    urldate = {2021-07-01}
}

@online{sila2.documentation.a, 
    author = "{Association Consortium Standardization in Lab Automation (SiLA)}",
    title = "{SiLA 2 Part (A) - Overview, Concepts and Core Specification}",
    year = "{o.J.}",
    url = {https://docs.google.com/document/d/1nGGEwbx45ZpKeKYH18VnNysREbr1EXH6FqlCo03yASM/edit#},
    urldate = {2021-07-05}
}

@online{bär.sila.standard, 
    author = "{Bär, Henning; Hochstrasser, Remo; Papenfuß, Bernd}",
    title = "{SiLA: Basic Standards for Rapid Integration in Laboratory Automation}",
    year = 2012,
    url = {https://journals.sagepub.com/doi/10.1177/2211068211424550},
    urldate = {2021-07-05}
}

@online{sila.pythonrepo, 
    author = "{Doerr, Mark}",
    title = "{sila\_python}",
    year = 2020,
    url = {https://gitlab.com/SiLA2/sila_python},
    urldate = {2021-07-08}
}

@online{sila.website, 
    author = "{SiLA Consortium}",
    title = "{Standards. High-Level Overview}",
    year = 2018,
    url = {https://sila-standard.com/standards/},
    urldate = {2021-09-10}
}


@online{protobuf.serializertest, 
    author = "{Smith, Eishay}",
    title = "{jvm-serializers}",
    year = 2016,
    url = {https://github.com/eishay/jvm-serializers/wiki},
    urldate = {2021-07-08}
}

@online{protobuf.faq, 
    author = "{Google Developers}",
    title = "{Frequently Asked Questions}",
    year = 2020,
    url = {https://developers.google.com/protocol-buffers/docs/faq},
    urldate = {2021-07-08}
}

@online{protobuf.overview, 
    author = "{Google Developers}",
    title = "{Overview}",
    year = 2021,
    url = {https://developers.google.com/protocol-buffers/docs/overview},
    urldate = {2021-07-09}
}

@online{grpc.coreconcept, 
    author = "{gRPC Authors}",
    title = "{Core concepts, architecture and lifecycle}",
    year = 2021,
    url = {https://grpc.io/docs/what-is-grpc/core-concepts/},
    urldate = {2021-07-09}
}

@online{grpc.introduction, 
    author = "{gRPC Authors}",
    title = "{Introduction to gRPC}",
    year = 2021,
    url = {https://grpc.io/docs/what-is-grpc/introduction/},
    urldate = {2021-07-09}
}

@online{bi.unternehmensprofil, 
    author = "{Boehringer Ingelheim Pharma GmbH & Co. KG}",
    title = "{Boehringer Ingelheim - Pharmastandort Deutschland}",
    year = 2021,
    url = {https://www.boehringer-ingelheim.de/unternehmensprofil/gesellschaftliches-engagement/pharmastandort-deutschland},
    urldate = {2021-09-09}
}



@book{hofman.automatentheorie,
    author = "{Hofmann, Martin; Lange, Martin}",
    title = "{Automatentheorie und Logik}",
    publisher = "{Springer Verlag}",
    year = 2011
}

@book{birnkraut.evaluation,
    author = "{Birnkraut, Gesa}",
    title = "{Evaluation im Kulturbetrieb}",
    publisher = "{VS Verlag für Sozialwissenschaften}",
    year = "{2011}",
    edition = "{1}"
}


@thesis{balzer.evaluation,
    author = "{Balzer, Lars}",
    title = "{What does a successful evaluation project need?}",
    school = "{University of Koblenz-Landau, Campus Landau}",
    year = "{2004}"
}


@article{kromrey.evaluation,
 title = {Evaluation - ein vielschichtiges Konzept: Begriff und Methodik von Evaluierung und Evaluationsforschung ; Empfehlungen für die Praxis},
 author = {Kromrey, Helmut},
 journal = {Sozialwissenschaften und Berufspraxis},
 number = {2},
 pages = {105-131},
 volume = {24},
 year = {2001}}
 
@inbook{schawel.unternehmensanalyse,
    author = "{Schawel, Christian; Billing, Fabian}",
    title = "{SWOT-Analyse}",
    booktitle = "{Top 100 Management Tools}",
    pages = "{249-251}",
    publisher = "{Gabler Verlag, Wiesbaden}",
    year = "{2012}"
}

@unpublished{kevin.bedienungsanleitung,
    author  = "{Faunhofer IPA}",
    title   = "{Kevin 2.0 Demonstrator für mobile Laborrobotik. Bedienungsanleitung}",
    note    = "{Bedienungsanleitung für Kevin 2.o}",
    year    = "{2021}"
}

@online{mikrotiter, 
    author = "{Fisher Scientific GmbH}",
    title = "{Greiner Bio-One™ 96-Well Mikrotiterplatten, Half Area, aus Polystyrol}",
    year = 2021,
    url = {https://www.fishersci.de/shop/products/polystyrene-96-well-half-area-microplates/10115853}
}

@misc{christian.Laborautomatisierung,
  author = "Späth, Christian",
  date = "2021-07-06",
  howpublished = "Persönliche Kommunikation"
}






%%%%%%%%%%%%%%%%%%%%%%%%%%%%%%%%%%%%%%%%%%%%%%%%%%%%%%%%%%%%%%%%%%%%%%%%%%%%%%%
